@preamble{ "\newcommand{\noopsort}[1]{} "
	# "\newcommand{\printfirst}[2]{#1} "
	# "\newcommand{\singleletter}[1]{#1} "
	# "\newcommand{\switchargs}[2]{#2#1} " }

@article{obs-18,
   title={Observation of Higgs Boson Decay to Bottom Quarks},
   volume={121},
   ISSN={1079-7114},
   url={http://dx.doi.org/10.1103/PhysRevLett.121.121801},
   DOI={10.1103/physrevlett.121.121801},
   number={12},
   journal={Physical Review Letters},
   publisher={American Physical Society (APS)},
   author={The CMS Collaboration},
   year={2018},
   month={Sep}
}
