@preamble{ "\newcommand{\noopsort}[1]{} "
	# "\newcommand{\printfirst}[2]{#1} "
	# "\newcommand{\singleletter}[1]{#1} "
	# "\newcommand{\switchargs}[2]{#2#1} " }

@article{obs-18,
   title={Observation of Higgs Boson Decay to Bottom Quarks},
   volume={121},
   ISSN={1079-7114},
   url={http://dx.doi.org/10.1103/PhysRevLett.121.121801},
   DOI={10.1103/physrevlett.121.121801},
   number={12},
   journal={Physical Review Letters},
   publisher={American Physical Society (APS)},
   collaboration={CMS Collaboration},
   author={{CMS Collaboration}},
   year={2018},
   month={Sep}
}

@book{cms-tdr,
   title         = "{CMS Physics: Technical Design Report Volume 1: Detector Performance and Software}",
   publisher     = "CERN",
   author = {{CMS Collaboration}},
   collaboration = "CMS Collaboration",
   address       = "Geneva",
   series        = "Technical Design Report CMS",
   year          = "2006",
   reportNumber  = "CERN-LHCC-2006-001",
   url           = "https://cds.cern.ch/record/922757",
}

@article{Evans_2008,
	doi = {10.1088/1748-0221/3/08/s08001},
	url = {https://doi.org/10.1088\%2F1748-0221\%2F3\%2F08\%2Fs08001},
	year = 2008,
	month = {aug},
	publisher = {{IOP} Publishing},
	volume = {3},
	number = {08},
	pages = {S08001--S08001},
	author = {Lyndon Evans and Philip Bryant},
	title = {{LHC} Machine},
	journal = {Journal of Instrumentation},
	abstract = {The Large Hadron Collider (LHC) at CERN near Geneva is the
world's newest and most powerful tool for Particle Physics
research. It is designed to collide proton beams with a centre-of-mass
energy of 14 TeV and an unprecedented luminosity of 1034 cm−2 s−1. It
can also collide heavy (Pb) ions with an energy of 2.8 TeV per nucleon
and a peak luminosity of 1027 cm−2 s−1. In this paper, the machine
design is described.}
}

@book{van1995python, 
  title={Python reference manual}, 
  author={Van Rossum, Guido and Drake Jr, Fred L}, 
  year={1995}, 
  publisher={Centrum voor Wiskunde en Informatica Amsterdam} 
}
                  
@book{10.5555/1593511, 
 author = {Van Rossum, Guido and Drake, Fred L.}, 
 title = {Python 3 Reference Manual}, 
 year = {2009}, 
 isbn = {1441412697}, 
 publisher = {CreateSpace}, 
 address = {Scotts Valley, CA} 
}

@misc{iiyama2020dynamo,
    title={Dynamo -- Handling Scientific Data Across Sites and Storage Media},
    author={Yutaro Iiyama and Benedikt Maier and Daniel Abercrombie and Maxim Goncharov and Christoph Paus},
    year={2020},
    eprint={2003.11409},
    archivePrefix={arXiv},
    primaryClass={cs.DC}
}

@article{dorigo2005xrootd,
  title={XROOTD-A Highly scalable architecture for data access},
  author={Dorigo, Alvise and Elmer, Peter and Furano, Fabrizio and Hanushevsky, Andrew},
  journal={WSEAS Transactions on Computers},
  volume={1},
  number={4.3},
  pages={348--353},
  year={2005},
  publisher={Citeseer}
}

@techreport{laure2006programming,
  title={Programming the Grid with gLite},
  author={Laure, Erwin and Edlund, A and Pacini, F and Buncic, P and Barroso, M and Di Meglio, A and Prelz, F and Frohner, A and Mulmo, O and Krenek, A and others},
  year={2006},
  institution={CERN, Geneva, Switzerland}
}

@book{Thomson:1529540,
      author        = "Thomson, Mark",
      title         = "{Modern particle physics}",
      publisher     = "Cambridge University Press",
      address       = "Cambridge",
      year          = "2013",
      url           = "http://cds.cern.ch/record/1529540",
}

@article{PhysRevLett.13.585,
  title = {Global Conservation Laws and Massless Particles},
  author = {Guralnik, G. S. and Hagen, C. R. and Kibble, T. W. B.},
  journal = {Phys. Rev. Lett.},
  volume = {13},
  issue = {20},
  pages = {585--587},
  numpages = {0},
  year = {1964},
  month = {Nov},
  publisher = {American Physical Society},
  doi = {10.1103/PhysRevLett.13.585},
  url = {https://link.aps.org/doi/10.1103/PhysRevLett.13.585}
}

@article{PhysRevLett.13.508,
  title = {Broken Symmetries and the Masses of Gauge Bosons},
  author = {Higgs, Peter W.},
  journal = {Phys. Rev. Lett.},
  volume = {13},
  issue = {16},
  pages = {508--509},
  numpages = {0},
  year = {1964},
  month = {Oct},
  publisher = {American Physical Society},
  doi = {10.1103/PhysRevLett.13.508},
  url = {https://link.aps.org/doi/10.1103/PhysRevLett.13.508}
}

@article{PhysRevLett.13.321,
  title = {Broken Symmetry and the Mass of Gauge Vector Mesons},
  author = {Englert, F. and Brout, R.},
  journal = {Phys. Rev. Lett.},
  volume = {13},
  issue = {9},
  pages = {321--323},
  numpages = {0},
  year = {1964},
  month = {Aug},
  publisher = {American Physical Society},
  doi = {10.1103/PhysRevLett.13.321},
  url = {https://link.aps.org/doi/10.1103/PhysRevLett.13.321}
}

@article{PhysRevD.2.1285,
  title = {Weak Interactions with Lepton-Hadron Symmetry},
  author = {Glashow, S. L. and Iliopoulos, J. and Maiani, L.},
  journal = {Phys. Rev. D},
  volume = {2},
  issue = {7},
  pages = {1285--1292},
  numpages = {0},
  year = {1970},
  month = {Oct},
  publisher = {American Physical Society},
  doi = {10.1103/PhysRevD.2.1285},
  url = {https://link.aps.org/doi/10.1103/PhysRevD.2.1285}
}

@unpublished{Barney:2120661,
      author        = "Barney, David",
      title         = "{CMS Detector Slice}",
      month         = "Jan",
      year          = "2016",
      reportNumber  = "CMS-PHO-GEN-2016-001",
      url           = "https://cds.cern.ch/record/2120661",
      note          = "CMS Collection.",
}

@article{Bruce:2201447,
      author        = "Bruce, Roderik and Arduini, Gianluigi and Bartosik, Hannes
                       and De Maria, Riccardo and Giovannozzi, Massimo and
                       Iadarola, Giovanni and Jowett, John and Li, Kevin Shing
                       Bruce and Lamont, Mike and Lechner, Anton and Metral, Elias
                       and Mirarchi, Daniele and Pieloni, Tatiana and Redaelli,
                       Stefano and Rumolo, Giovanni and Salvant, Benoit and Tomas
                       Garcia, Rogelio and Wenninger, Jorg",
      title         = "{LHC Run 2: Results and challenges}",
      number        = "CERN-ACC-2016-0103",
      pages         = "MOAM5P50. 7 p",
      month         = "Jul",
      year          = "2016",
      reportNumber  = "CERN-ACC-2016-0103",
      url           = "http://cds.cern.ch/record/2201447",
      doi           = "10.18429/JACoW-HB2016-MOAM5P50",
}

@techreport{Dominguez:1481838,
      author        = "Dominguez, A and Abbaneo, D and Arndt, K and Bacchetta, N
                       and Ball, A and Bartz, E and Bertl, W and Bilei, G M and
                       Bolla, G and Cheung, H W K and Chertok, M and Costa, S and
                       Demaria, N and Daniel Dominguez Vazquez and Ecklund, K and
                       Erdmann, W and Gill, K and Hall, G and Harder, K and
                       Hartmann, F and Horisberger, R and Johns, W and Kaestli, H
                       C and Klein, K and Kotlinski, D and Kwan, S and Pesaresi, M
                       and Postema, H and Rohe, T and Schäfer, C and Starodumov,
                       A and Streuli, S and Tricomi, A and Tropea, P and Troska, J
                       and Vasey, F and Zeuner, W",
      editor        = "Dominguez, A",
      title         = "{CMS Technical Design Report for the Pixel Detector
                       Upgrade}",
      number        = "CERN-LHCC-2012-016. CMS-TDR-11",
      month         = "Sep",
      year          = "2012",
      reportNumber  = "CERN-LHCC-2012-016",
      url           = "https://cds.cern.ch/record/1481838",
      note          = "Additional contacts: Jeffrey Spalding, Fermilab,
                       Jeffrey.Spalding@cern.ch Didier Contardo, Universite Claude
                       Bernard-Lyon I, didier.claude.contardo@cern.ch",
}

@techreport{Modak:2712284,
      author        = "Modak, Atanu",
      title         = "{CMS Phase-1 Pixel Detector: Operational Experience,
                       Performance and Lessons Learned}",
      institution   = "CERN",
      collaboration = "CMS Collaboration",
      address       = "Geneva",
      number        = "CMS-CR-2019-283",
      month         = "Nov",
      year          = "2019",
      reportNumber  = "CMS-CR-2019-283",
      url           = "https://cds.cern.ch/record/2712284",
}

@techreport{Monti:2653861,
      author        = "Monti, Fabio",
      title         = "{CMS ECAL monitoring and calibration in LHC Run 2}",
      institution   = "CERN",
      collaboration = "CMS Collaboration",
      address       = "Geneva",
      number        = "CMS-CR-2018-171",
      month         = "Aug",
      year          = "2018",
      reportNumber  = "CMS-CR-2018-171",
      url           = "https://cds.cern.ch/record/2653861",
}

@article{Bartosik:2712238,
      author        = "Bartosik, Nazar",
      title         = "{Performance of the CMS Electromagnetic Calorimeter in LHC
                       Run2}",
      journal       = "PoS",
      collaboration = "CMS",
      volume        = "LeptonPhoton2019",
      pages         = "126. 4 p",
      year          = "2019",
      url           = "https://cds.cern.ch/record/2712238",
      doi           = "10.22323/1.367.0126",
}

@article{Chadeeva_2018,
	doi = {10.1088/1748-0221/13/03/c03025},
	url = {https://doi.org/10.1088\%2F1748-0221\%2F13\%2F03\%2Fc03025},
	year = 2018,
	month = {mar},
	publisher = {{IOP} Publishing},
	volume = {13},
	number = {03},
	pages = {C03025--C03025},
	author = {M. Chadeeva and N. Lychkovskaya},
	title = {Calibration of the {CMS} hadron calorimeter in Run 2},
	journal = {Journal of Instrumentation},
}

@article{Pozzobon_2019,
	doi = {10.1088/1748-0221/14/11/c11031},
	url = {https://doi.org/10.1088\%2F1748-0221\%2F14\%2F11\%2Fc11031},
	year = 2019,
	month = {nov},
	publisher = {{IOP} Publishing},
	volume = {14},
	number = {11},
	pages = {C11031--C11031},
	author = {N. Pozzobon},
	title = {The {CMS} Muon System: performance during the {LHC} Run-2},
	journal = {Journal of Instrumentation},
}

@techreport{Tosi:2290106,
      author        = "Tosi, Mia",
      title         = "{The CMS trigger in Run 2}",
      institution   = "CERN",
      collaboration = "CMS Collaboration",
      address       = "Geneva",
      number        = "CMS-CR-2017-340",
      month         = "Oct",
      year          = "2017",
      reportNumber  = "CMS-CR-2017-340",
      url           = "https://cds.cern.ch/record/2290106",
      doi           = "10.22323/1.314.0523",
}

@article{Cadamuro_2017,
	doi = {10.1088/1748-0221/12/03/c03021},
	url = {https://doi.org/10.1088\%2F1748-0221\%2F12\%2F03\%2Fc03021},
	year = 2017,
	month = {mar},
	publisher = {{IOP} Publishing},
	volume = {12},
	number = {03},
	pages = {C03021--C03021},
	author = {L. Cadamuro},
	title = {The {CMS} Level-1 trigger system for {LHC} Run {II}},
	journal = {Journal of Instrumentation}
}

@techreport{Sert:2712275,
      author        = "Sert, Hale",
      title         = "{CMS High Level Trigger Performance in Run 2}",
      institution   = "CERN",
      collaboration = "CMS Collaboration",
      address       = "Geneva",
      number        = "CMS-CR-2019-278",
      month         = "Nov",
      year          = "2019",
      reportNumber  = "CMS-CR-2019-278",
      url           = "https://cds.cern.ch/record/2712275",
}

@article{Sirunyan_2017,
   title={Particle-flow reconstruction and global event description with the CMS detector},
   volume={12},
   ISSN={1748-0221},
   url={http://dx.doi.org/10.1088/1748-0221/12/10/P10003},
   DOI={10.1088/1748-0221/12/10/p10003},
   number={10},
   journal={Journal of Instrumentation},
   publisher={IOP Publishing},
   author={Sirunyan, A.M. and Tumasyan, A. and Adam, W. and Asilar, E. and Bergauer, T. and Brandstetter, J. and Brondolin, E. and Dragicevic, M. and Erö, J. and Flechl, M. and et al.},
   year={2017},
   month={Oct},
   pages={P10003–P10003}
}

@article{Bloom_2017,
   title={CMS software and computing for LHC Run 2},
   url={http://dx.doi.org/10.22323/1.282.0185},
   DOI={10.22323/1.282.0185},
   journal={Proceedings of 38th International Conference on High Energy Physics — PoS(ICHEP2016)},
   publisher={Sissa Medialab},
   author={Bloom, Kenneth},
   year={2017},
   month={Feb}
}

@ARTICLE{726788,
  author={K. {Rose}},
  journal={Proceedings of the IEEE}, 
  title={Deterministic annealing for clustering, compression, classification, regression, and related optimization problems}, 
  year={1998},
  volume={86},
  number={11},
  pages={2210-2239},
}

@article{Collaboration_2014,
	doi = {10.1088/1748-0221/9/10/p10009},
	url = {https://doi.org/10.1088\%2F1748-0221\%2F9\%2F10\%2Fp10009},
	year = 2014,
	month = {oct},
	publisher = {{IOP} Publishing},
	volume = {9},
	number = {10},
	pages = {P10009--P10009},
	author = {{CMS Collaboration}},
	collaboration = {CMS Collaboration},
	title = {Description and performance of track and primary-vertex reconstruction with the {CMS} tracker},
	journal = {Journal of Instrumentation}
}

@article{Rembser_2019,
	doi = {10.1088/1742-6596/1162/1/012008},
	url = {https://doi.org/10.1088\%2F1742-6596\%2F1162\%2F1\%2F012008},
	year = 2019,
	month = {jan},
	publisher = {{IOP} Publishing},
	volume = {1162},
	pages = {012008},
	author = {Jonas Rembser and},
	title = {{CMS} Electron and Photon Performance at 13 {TeV}},
	journal = {Journal of Physics: Conference Series}
}

@article{Cacciari_2008,
   title={The anti-ktjet clustering algorithm},
   volume={2008},
   ISSN={1029-8479},
   url={http://dx.doi.org/10.1088/1126-6708/2008/04/063},
   DOI={10.1088/1126-6708/2008/04/063},
   number={04},
   journal={Journal of High Energy Physics},
   publisher={Springer Science and Business Media LLC},
   author={Cacciari, Matteo and Salam, Gavin P and Soyez, Gregory},
   year={2008},
   month={Apr},
   pages={063–063}
}

@article{Khachatryan_2017,
   title={Jet energy scale and resolution in the CMS experiment in pp collisions at 8 TeV},
   volume={12},
   ISSN={1748-0221},
   url={http://dx.doi.org/10.1088/1748-0221/12/02/P02014},
   DOI={10.1088/1748-0221/12/02/p02014},
   number={02},
   journal={Journal of Instrumentation},
   publisher={IOP Publishing},
   author={Khachatryan, V. and Sirunyan, A.M. and Tumasyan, A. and Adam, W. and Asilar, E. and Bergauer, T. and Brandstetter, J. and Brondolin, E. and Dragicevic, M. and Erö, J. and et al.},
   year={2017},
   month={Feb},
   pages={P02014–P02014}
}

@article{Sirunyan_2018,
   title={Identification of heavy-flavour jets with the CMS detector in pp collisions at 13 TeV},
   volume={13},
   ISSN={1748-0221},
   url={http://dx.doi.org/10.1088/1748-0221/13/05/P05011},
   DOI={10.1088/1748-0221/13/05/p05011},
   number={05},
   journal={Journal of Instrumentation},
   publisher={IOP Publishing},
   author={Sirunyan, A.M. and Tumasyan, A. and Adam, W. and Ambrogi, F. and Asilar, E. and Bergauer, T. and Brandstetter, J. and Brondolin, E. and Dragicevic, M. and Erö, J. and et al.},
   year={2018},
   month={May},
   pages={P05011–P05011}
}

@article{Aaboud_2018,
   title={Observation of $H\rightarrow b\bar{b}$ decays and VH production with the ATLAS detector},
   volume={786},
   ISSN={0370-2693},
   url={http://dx.doi.org/10.1016/j.physletb.2018.09.013},
   DOI={10.1016/j.physletb.2018.09.013},
   journal={Physics Letters B},
   publisher={Elsevier BV},
   author={Aaboud, M. and Aad, G. and Abbott, B. and Abdinov, O. and Abeloos, B. and Abhayasinghe, D.K. and Abidi, S.H. and AbouZeid, O.S. and Abraham, N.L. and Abramowicz, H. and et al.},
   year={2018},
   month={Nov},
   pages={59–86}
}

@article{PhysRevD.74.114017,
  title = {Electroweak gauge boson production at hadron colliders through $\mathcal{O}({\ensuremath{\alpha}}_{s}^{2})$},
  author = {Melnikov, Kirill and Petriello, Frank},
  journal = {Phys. Rev. D},
  volume = {74},
  issue = {11},
  pages = {114017},
  numpages = {7},
  year = {2006},
  month = {Dec},
  publisher = {American Physical Society},
  doi = {10.1103/PhysRevD.74.114017},
  url = {https://link.aps.org/doi/10.1103/PhysRevD.74.114017}
}

@phdthesis{xinmei,
    title    = {Z boson cross section measurements and neutral Higgs boson search in the di-muon channel with the CMS detector},
    school   = {Massachusetts Institute of Technology},
    author   = {Niu, Xinmei},
    year     = "2019"
}

@phdthesis{sabrandt,
    title    = {Measurement of W and Z boson production cross sections in proton-proton collisions at $\sqrt{s} = 5.02$ TeV and $\sqrt{s} = 13$ TeV},
    school   = {Massachusetts Institute of Technology},
    author   = {Brandt, Stephanie},
    year     = "2020"
}

@thesis{dabercro2014,
  title = {A Search for Dark Matter via Higgs Decay Using Quark Jet Substructure},
  school = {Pennsylvania State University},
  author = {Abercrombie, Daniel},
  year = {2014},
  type = {Bachelor's Thesis}
}

@article{PhysRevLett.30.1343,
  title = {Ultraviolet Behavior of Non-Abelian Gauge Theories},
  author = {Gross, David J. and Wilczek, Frank},
  journal = {Phys. Rev. Lett.},
  volume = {30},
  issue = {26},
  pages = {1343--1346},
  numpages = {0},
  year = {1973},
  month = {Jun},
  publisher = {American Physical Society},
  doi = {10.1103/PhysRevLett.30.1343},
  url = {https://link.aps.org/doi/10.1103/PhysRevLett.30.1343}
}

@article{PhysRevLett.19.1264,
  title = {A Model of Leptons},
  author = {Weinberg, Steven},
  journal = {Phys. Rev. Lett.},
  volume = {19},
  issue = {21},
  pages = {1264--1266},
  numpages = {0},
  year = {1967},
  month = {Nov},
  publisher = {American Physical Society},
  doi = {10.1103/PhysRevLett.19.1264},
  url = {https://link.aps.org/doi/10.1103/PhysRevLett.19.1264}
}

@ARTICLE{1930ZPhy...63..855F,
       author = {{Fock}, V.},
        title = "{Bemerkung zum Virialsatz}",
      journal = {Zeitschrift fur Physik},
         year = 1930,
        month = nov,
       volume = {63},
       number = {11-12},
        pages = {855-858},
          doi = {10.1007/BF01339281},
       adsurl = {https://ui.adsabs.harvard.edu/abs/1930ZPhy...63..855F},
      adsnote = {Provided by the SAO/NASA Astrophysics Data System}
}

@article{collaboration_2015,
	doi = {10.1088/1748-0221/10/02/p02006},
	url = {https://doi.org/10.1088\%2F1748-0221\%2F10\%2F02\%2Fp02006},
	year = 2015,
	month = {feb},
	publisher = {{IOP} Publishing},
	volume = {10},
	number = {02},
	pages = {P02006--P02006},
	author = {{The CMS collaboration}},
	title = {Performance of the {CMS} missing transverse momentum reconstruction in pp data at $\sqrt{s} = 8$ {TeV}},
	journal = {Journal of Instrumentation}
}

@article{Sirunyan_2019,
   title={Search for production of Higgs boson pairs in the four b quark final state using large-area jets in proton-proton collisions at 
          s = 13 $\sqrt{s}=13$ TeV},
   volume={2019},
   ISSN={1029-8479},
   url={http://dx.doi.org/10.1007/JHEP01(2019)040},
   DOI={10.1007/jhep01(2019)040},
   number={1},
   journal={Journal of High Energy Physics},
   publisher={Springer Science and Business Media LLC},
   author={Sirunyan, A. M. and Tumasyan, A. and Adam, W. and Ambrogi, F. and Asilar, E. and Bergauer, T. and Brandstetter, J. and Dragicevic, M. and Erö, J. and et al.},
   year={2019},
   month={Jan}
}

@misc{cmssw_doxygen,
                  title={CMSSW Reference Manual},
                  author={{The CMS Collaboration}},
                  url={http://cmsdoxygen.web.cern.ch/cmsdoxygen/}
}

@article{Larkoski_2014,
   title={Soft drop},
   volume={2014},
   ISSN={1029-8479},
   url={http://dx.doi.org/10.1007/JHEP05(2014)146},
   DOI={10.1007/jhep05(2014)146},
   number={5},
   journal={Journal of High Energy Physics},
   publisher={Springer Science and Business Media LLC},
   author={Larkoski, Andrew J. and Marzani, Simone and Soyez, Gregory and Thaler, Jesse},
   year={2014},
   month={May}
}

@techreport{Kato:2687920,
      author        = "Kato, Chikuma",
      title         = "{Status and prospects of STXS measurements in ATLAS and
                       CMS}",
      institution   = "CERN",
      collaboration = "ATLAS Collaboration",
      address       = "Geneva",
      number        = "ATL-PHYS-PROC-2019-080",
      month         = "Aug",
      year          = "2019",
      reportNumber  = "ATL-PHYS-PROC-2019-080",
      url           = "http://cds.cern.ch/record/2687920",
}
